=LDR  00000ngm a2200000 a 4500
=006  m\\\\\\\\c\\\\\\\\
=007  cr\cna|||m|||a
=007  vz\czazzu
=008  211109s9999||||xx\|||\|\\\\\ s\\\vlund|d
=024  7\$aHI2019_034_01$2local
=040  \\$aZYU$beng$erda$cZYU$epn
=041  0\$aspa
=043  \\$acl-----
=245  00$aParricidio
=260  \\$c2017
=300  \\$3viewing copy.$a1 online resource (1 video file (7 min., 03 sec.)) :$bsound, color.
=490  0\$aDeborah Castillo collection
=500  \\$aPart of the Hemispheric Institute Digital Video Library.
=500  \\$aTitle supplied by the Hemispheric Institute.
=506  \\$aOpen Access.
=508  \\$aDeborah Castillo.
=518  \\$aGalería Carmen Araujo Arte, Caracas, Venezuela.
=520  \\$aDeborah Castillo is a Venezuelan-born, Brooklyn-based multidisciplinary artist. She holds an MFA and BFA from Armando Reverón Higher Education School of Fine Arts in Caracas, Venezuela. Castillo has been granted numerous awards and residencies including NYFA Immigrant Artist Mentoring Program, (2015), NYC, The Banff Center. Artist in Residence Program in Visual Arts (2015) Canada, Atlantic Center for the Arts (2014), Florida and London Print Studio, (2007) UK as well as “Premio Armando Reverón”; AVAP in the “Young Artist Category” (2013), “XI Salón Eugenio Mendoza” Award, Sala Mendoza, (2003); VI Salón CANTV, Jóvenes con FIA” Award, (2003) Caracas, Venezuela and more. Her work has been exhibited at Museum of Arts and Design (US), New Museum (US), Rufino Tamayo Museum (Mexico), Carrillo Gil Museum (Mexico); Escuela de Bellas Artes, Bolivian Biennial SIART (Bolivia), UCLA (US), ICA (UK), Palais de Tokyo (France, The Broad Museum (US), Smack Mellon (US), and the Hemispheric Institute (US), among others.
=520  \\$aIn this performance, Deborah Castillo questions popular monuments honoring Latin American independence heroes. Countless memorials are found in cities and towns across Latin America, each with a distinct style. Here, the sculpture is destroyed as a big explosion obliterates its head. In Castillo's words, "It embodies the implosion of the hero, leaving ruins behind." This piece hints at the Venezuelan dictatorship and its symbolic connection to other Latin-American regimes in the 20th century.
=534  \\$pMedia source original: $a1 digital file
=540  \\$aThere are copyright restrictions on this collection. For more information, go to the online version of this video.
=542  1\$dDeborah Castillo
=546  \\$aIn Spanish. No spoken language.
=650  \0$aDictatorship$zLatin America.|$aIdolatry$zLatin America.|$aParricide
=653  \\$aColonialisms
=655  \7$avideo art$2aat|$aVideo performance$2local
=710  2\$aHemispheric Institute Digital Video Library.
=856  40$uhttp://hdl.handle.net/2333.1/ns1rnh3g$3Hemispheric Institute Digital Video Library

