=LDR  00000nam a2200000Ia 45e0
=006  m\\\\\\\\c\\\\\\\\
=007  cr\cna|||m|||a
=007  vz\czazzu
=008  211109s9999||||xx\|||\|\\\\\ s\\\vlund|d
=024  7\$aHI2019_040_01$2local
=040  \\$aZYU$beng$erda$cZYU$epn
=041  0\$aspa
=043  \\$acl-----
=245  00$aTheoretical fetish
=260  \\$c2013
=300  \\$3viewing copy.$a1 online resource (1 video file (4 min., 01 sec.)) :$bsound, color.
=490  0\$aDeborah Castillo collection
=500  \\$aPart of the Hemispheric Institute Digital Video Library.
=500  \\$aTitle supplied by the Hemispheric Institute.
=506  \\$aOpen Access.
=508  \\$aDeborah Castillo.
=520  \\$aDeborah Castillo is a Venezuelan-born, Brooklyn-based multidisciplinary artist. She holds an MFA and BFA from Armando Reverón Higher Education School of Fine Arts in Caracas, Venezuela. Castillo has been granted numerous awards and residencies including NYFA Immigrant Artist Mentoring Program, (2015), NYC, The Banff Center. Artist in Residence Program in Visual Arts (2015) Canada, Atlantic Center for the Arts (2014), Florida and London Print Studio, (2007) UK as well as “Premio Armando Reverón”; AVAP in the “Young Artist Category” (2013), “XI Salón Eugenio Mendoza” Award, Sala Mendoza, (2003); VI Salón CANTV, Jóvenes con FIA” Award, (2003) Caracas, Venezuela and more. Her work has been exhibited at Museum of Arts and Design (US), New Museum (US), Rufino Tamayo Museum (Mexico), Carrillo Gil Museum (Mexico); Escuela de Bellas Artes, Bolivian Biennial SIART (Bolivia), UCLA (US), ICA (UK), Palais de Tokyo (France, The Broad Museum (US), Smack Mellon (US), and the Hemispheric Institute (US), among others.
=520  \\$aTheoretical Fetish (2013) critiques the tendency to obsess over certain prestigious texts and authors in leftist Latin American culture. Artist Deborah Castillo reads and licks sections of Antonin Artaud's Letter to Power, embodying a fetishistic approach to the text. In another version of this performance Castillo uses Crowds and Power by Elias Canetti.
=534  \\$pMedia source original: $a1 digital file
=540  \\$aThere are copyright restrictions on this collection. For more information, go to the online version of this video.
=542  1\$dDeborah Castillo
=546  \\$aIn Spanish. No spoken language.
=600  \0$aArtaud, Antonin$d1896-1948
=650  \0$aFetishism.|$aIdolatry$zLatin America.
=651  \0$aLatin America$xHistory$xPolitical aspects.
=653  \\$aGender and sexuality
=655  \7$aVideo performance$2local
=710  2\$aHemispheric Institute Digital Video Library.
=856  40$uhttp://hdl.handle.net/2333.1/c59zwb2j$3Hemispheric Institute Digital Video Library

