=LDR  00000nam a2200000Ia 45e0
=006  m\\\\\\\\c\\\\\\\\
=007  cr\cna|||m|||a
=007  vz\czazzu
=008  211109s9999||||xx\|||\|\\\\\ s\\\vlund|d
=024  7\$aHI2019_043_01$2local
=040  \\$aZYU$beng$erda$cZYU$epn
=041  0\$aspa
=245  04$aThe dictatrix
=260  \\$c2018
=300  \\$3viewing copy.$a1 online resource (1 video file (4 min., 11 sec.)) :$bsound, color.
=490  0\$aDeborah Castillo collection
=500  \\$aPart of the Hemispheric Institute Digital Video Library.
=500  \\$aTitle supplied by the Hemispheric Institute.
=506  \\$aOpen Access.
=508  \\$aDeborah Castillo.
=520  \\$aDeborah Castillo is a Venezuelan-born, Brooklyn-based multidisciplinary artist. She holds an MFA and BFA from Armando Reverón Higher Education School of Fine Arts in Caracas, Venezuela. Castillo has been granted numerous awards and residencies including NYFA Immigrant Artist Mentoring Program, (2015), NYC, The Banff Center. Artist in Residence Program in Visual Arts (2015) Canada, Atlantic Center for the Arts (2014), Florida and London Print Studio, (2007) UK as well as “Premio Armando Reverón”; AVAP in the “Young Artist Category” (2013), “XI Salón Eugenio Mendoza” Award, Sala Mendoza, (2003); VI Salón CANTV, Jóvenes con FIA” Award, (2003) Caracas, Venezuela and more. Her work has been exhibited at Museum of Arts and Design (US), New Museum (US), Rufino Tamayo Museum (Mexico), Carrillo Gil Museum (Mexico); Escuela de Bellas Artes, Bolivian Biennial SIART (Bolivia), UCLA (US), ICA (UK), Palais de Tokyo (France, The Broad Museum (US), Smack Mellon (US), and the Hemispheric Institute (US), among others.
=520  \\$aFive women stand in a dark room. They are nude except for the busts they wear, each bearing the face of a dictator: Mao Zedong, Vladimir Lenin, Karl Marx, Fidel Castro, and Joseph Stalin. The Dictatrix (2018) playfully examines notions of power within and upon the hypersexualized bodies of women. Their gestures and their naked forms clash with the masculinist theories and ideas of uniformity espoused by each political figure the women portray.
=534  \\$pMedia source original: $a1 digital file
=540  \\$aThere are copyright restrictions on this collection. For more information, go to the online version of this video.
=542  1\$dDeborah Castillo
=546  \\$aIn Spanish. No spoken language.
=600  \0$aMao, Ze Dong$d1893-1976|$aLenin, Vladimir Ilʹich$d1870-1924|$aCastro, Fidel$d1926-2016|$aMarx, Karl$d1818-1883|$aStalin, Joseph$d1878-1953
=653  \\$aGender and performance|$aGender and society|$aMilitary dictatorship
=655  \7$aVideo performance$2local
=710  2\$aHemispheric Institute Digital Video Library.
=856  40$uhttp://hdl.handle.net/2333.1/b5mkm3vn$3Hemispheric Institute Digital Video Library

