=LDR  00000nam a2200000Ia 45e0
=006  m\\\\\\\\c\\\\\\\\
=007  cr\cna|||m|||a
=007  vz\czazzu
=008  211109s9999||||xx\|||\|\\\\\ s\\\vlund|d
=024  7\$aHI2019_050_01$2local
=040  \\$aZYU$beng$erda$cZYU$epn
=041  0\$aspa
=245  04$aThe fraternal socialist kiss
=260  \\$c2017
=300  \\$3viewing copy.$a1 online resource (1 video file (1 min., 56 sec.)) :$bsound, color.
=490  0\$aDeborah Castillo collection
=500  \\$aPart of the Hemispheric Institute Digital Video Library.
=500  \\$aTitle supplied by the Hemispheric Institute.
=506  \\$aOpen Access.
=508  \\$aDeborah Castillo.
=518  \\$aCarmen Araujo Arte, Caracas, Venezuela.
=520  \\$aDeborah Castillo is a Venezuelan-born, Brooklyn-based multidisciplinary artist. She holds an MFA and BFA from Armando Reverón Higher Education School of Fine Arts in Caracas, Venezuela. Castillo has been granted numerous awards and residencies including NYFA Immigrant Artist Mentoring Program, (2015), NYC, The Banff Center. Artist in Residence Program in Visual Arts (2015) Canada, Atlantic Center for the Arts (2014), Florida and London Print Studio, (2007) UK as well as “Premio Armando Reverón”; AVAP in the “Young Artist Category” (2013), “XI Salón Eugenio Mendoza” Award, Sala Mendoza, (2003); VI Salón CANTV, Jóvenes con FIA” Award, (2003) Caracas, Venezuela and more. Her work has been exhibited at Museum of Arts and Design (US), New Museum (US), Rufino Tamayo Museum (Mexico), Carrillo Gil Museum (Mexico); Escuela de Bellas Artes, Bolivian Biennial SIART (Bolivia), UCLA (US), ICA (UK), Palais de Tokyo (France, The Broad Museum (US), Smack Mellon (US), and the Hemispheric Institute (US), among others.
=520  \\$aThis performance and title allude to the Soviet trope of the "socialist fraternal kiss.". A typical form of greeting between leaders of the Soviet Bloc, the politicians would kiss one another three times on the cheeks, sometimes even kissing on the mouth if they were especially close. Instead of portraying Leonid Brezhnev and Erich Honecker, the most well-known example of this kiss, Castillo depicts Vladimir Lenin and Karl Marx, who appear as busts worn by two nude women. As in her other works, Castillo interrogates the relationships among power, desire, and the state, here by playfully featuring icons of patriarchy atop nude female bodies.
=534  \\$pMedia source original: $a1 digital file
=540  \\$aThere are copyright restrictions on this collection. For more information, go to the online version of this video.
=542  1\$dDeborah Castillo
=546  \\$aIn Spanish. No spoken language.
=600  \0$aMarx, Karl$d1818-1883|$aLenin, Vladimir Ilʹich$d1870-1924|$aHonecker, Erich|$aBrezhnev, Leonid Ilʹich$d1906-1982
=650  \0$aCommunism|$aSocialism
=653  \\$aGender and performance|$aGender and sexuality
=655  \7$aVideo performance$2local
=710  2\$aHemispheric Institute Digital Video Library.
=856  40$uhttp://hdl.handle.net/2333.1/d2547mn4$3Hemispheric Institute Digital Video Library

