=LDR  00000nam a2200000Ia 45e0
=006  m\\\\\\\\c\\\\\\\\
=007  cr\cna|||m|||a
=007  vz\czazzu
=008  211109s9999||||xx\|||\|\\\\\ s\\\vlund|d
=024  7\$aHI2020_153_01$2local
=040  \\$aZYU$beng$erda$cZYU$epn
=041  0\$aspa
=043  \\$anwcu---
=245  00$aArrivals
=300  \\$3viewing copy.$a1 online resource (1 video file (1 hr., 11 min., 57 sec.)) :$bsound, color.
=490  0\$aEl Ciervo Encantado collection
=500  \\$aPart of the Hemispheric Institute Digital Video Library.
=500  \\$aTitle supplied by the Hemispheric Institute.
=506  \\$aOpen Access.
=508  \\$aDirector: Nelda CastilloSound Composition: Sunlay Almeida RodriguezText Archives: Marta Luisa Hernández, Bernardo Menéndez, Lidia Pedreira Elvia Rosa Castro, Mercedes Ruiz, Juan Carlos Cremata, Rogelio Orizondo, Agnieska Hernández, Mario Guerra, Jaime Gomez, Sandra Rami, Jorge Garcell, Yaima Pardo, Lester Hamlet, Yohaina Hernández, Norge Espinosa, Esther Maria Hernández, Teresa Paz y Joel Cano
=511  0\$aPerformer: Mariela Brito
=520  \\$aArrivals is a solo theater play investigating the identitarian element that unites Cubans when they come back to the island, regardless of the country they migrated to, their age, their political beliefs, or the reasons for their return. The work is a polyphonic exercise in shared memory, to which many friends contributed their writings and voices, creating a collective voice that enters into dialogue with the spectator, who is also the protagonist of the arrivals. Rooted in the Cuban migrant experience, El Ciervo Encantado proposes the Departures-Arrivals diptych as a way to focus on the urgency of contemporary migration crises and their human and social consequences.
=520  \\$aEl Ciervo Encantado was founded by Nelda Castillo in Havana in 1996 as a space of experimentation and exchange that fosters innovative connections between theater, visual arts, music, literature, dance, and theoretical research. Its conceptual framework is enacted in performances and public interventions that explore national identity and its margins, works that interrogate current emergencies unflinchingly and that seek to unveil invisibilized aspects of the memory of being Cuban.
=534  \\$pMedia source original: $a1 digital file
=540  \\$aThere are copyright restrictions on this collection. For more information, go to the online version of this video.
=542  1\$dNelda Castillo$eNelda Castillo, Línea, La Habana, Cuba, elciervoencantadocuba@gmail.com, http://elciervoencantado.blogspot.com/
=546  \\$aIn Spanish.
=650  \0$aEmigration and immigration.|$aCollective memory.|$aImmigration and society|$aIdentity politics$zCuba.
=651  \0$aCuba$xEmigration and immigration.
=655  \7$aTheater$2local
=710  2\$aHemispheric Institute Digital Video Library.
=856  40$uhttp://hdl.handle.net/2333.1/8pk0pc99$3Hemispheric Institute Digital Video Library

