=LDR  00000nam a2200000Ia 45e0
=006  m\\\\\\\\c\\\\\\\\
=007  cr\cna|||m|||a
=007  vz\czazzu
=008  211109s9999||||xx\|||\|\\\\\ s\\\vlund|d
=024  7\$aHI2020_155_01$2local
=040  \\$aZYU$beng$erda$cZYU$epn
=041  0\$aspa|eng
=043  \\$anwcu---
=245  00$aEl Ciervo Encantado on Arrivals: an artist talk with performance fragments
=260  \\$cOctober 21, 2019
=300  \\$3viewing copy.$a1 online resource (1 video file (1 hr., 07 min., 56 sec.)) :$bsound, color.
=490  0\$aEl Ciervo Encantado collection
=500  \\$aPart of the Hemispheric Institute Digital Video Library.
=500  \\$aTitle supplied by the Hemispheric Institute.
=506  \\$aOpen Access.
=508  \\$aHost: Diana TaylorVideo: The Hemispheric Institute
=511  0\$aGuest speakers: Nelda Castillo and Mariela BritoPerformer: Mariela Brito
=518  \\$aPerformance Studies Studio, New York University, New York, NY
=520  \\$aEl Ciervo Encantado was founded by Nelda Castillo in Havana in 1996 as a space of experimentation and exchange that fosters innovative connections between theater, visual arts, music, literature, dance, and theoretical research. Its conceptual framework is enacted in performances and public interventions that explore national identity and its margins, works that interrogate current emergencies unflinchingly and that seek to unveil invisibilized aspects of the memory of being Cuban.
=520  \\$aThe Hemispheric Institute, the Department of Spanish and Portuguese, the Department of Performance Studies, the King Juan Carlos I Center, and the Center for Latin American and Caribbean Studies at New York University invited El Ciervo Encantado to a conversation about their performance ARRIVALS. This was the second work in the group’s diptych on Cuban migration, which the artists began with DEPARTURES in 2017. During the event, Nelda Castillo and Mariela Brito presented excerpts from ARRIVALS, pondering a central question: What is the identitarian element that unites us as Cubans when we come back to the island, regardless of the country we migrated to, our age, our political beliefs, or the reasons for our return?
=534  \\$pMedia source original: $a1 digital file
=540  \\$aThere are copyright restrictions on this collection. For more information, go to the online version of this video.
=542  1\$dHemispheric Institute of Performance and Politics$e20 Cooper Square, Fifth Floor, New York, NY 10003, U.S.A., +1-212-998-1631, +1-212-995-4423, hemi@nyu.edu, http://www.hemisphericinstitute.org
=546  \\$aIn Spanish, English.
=650  \0$aCollective memory.|$aEmigration and immigration.|$aImmigration and society|$aIdentity politics$zCuba.
=651  \0$aCuba$xEmigration and immigration.
=655  \7$aArtist talk.$2local|$aPerformance$2local
=710  2\$aHemispheric Institute Digital Video Library.
=856  40$uhttp://hdl.handle.net/2333.1/15dv4b7h$3Hemispheric Institute Digital Video Library

