=LDR  00000nam a2200000Ia 45e0
=006  m\\\\\\\\c\\\\\\\\
=007  cr\cna|||m|||a
=007  vz\czazzu
=008  211109s9999||||xx\|||\|\\\\\ s\\\vlund|d
=024  7\$aHI2020_236_01$2local
=040  \\$aZYU$beng$erda$cZYU$epn
=041  0\$aeng
=245  00$aFriday night slam 2003: Nuyorican poets perform their favorites
=260  \\$c2003
=300  \\$3viewing copy.$a1 online resource (1 video file (1 hr., 02 min., 39 sec.)) :$bsound, color.
=490  0\$aThe Nuyorican Poets Cafe Founders Archive Project collection
=500  \\$aPart of the Hemispheric Institute Digital Video Library.
=500  \\$aTitle supplied by the Hemispheric Institute.
=506  \\$aOpen Access.
=511  0\$aKirk Nugent, Butterfly Soul, Julian Curry, Kenaya, Shawn Randall, Jive Poetic, and Karen Jaime
=518  \\$aNuyorican Poets Cafe, New York, NY, USA
=520  \\$aIn this footage, some of the Nuyorican poets depart from the Friday Night Slam's regular format and perform some of their favorite poems by their contemporaries. In so doing, the poets honor one another and their influence upon each of their artistic works. The poets also underscore the deeply connected, familial energy that undergirds the Nuyorican Poets Cafe. Poet performers for this evening include Kirk Nugent, Butterfly Soul, Julian Curry, Kenaya, Shawn Randall, Jive Poetic, and Karen Jaime. This event is hosted by Karen Jaime, who serves as the Friday Night Slam host from 2003-2005.
=520  \\$aThe Nuyorican Poets Cafe Founders Archive Project is an effort of several Cafe founders to preserve the immense history of the famed cafe and to cement its importance as a foundational scene of poetry and artistic creation in New York's Lower East Side or Loisaida. Founded in 1973, the Nuyorican Poets Cafe began as a living room salon in the East Village apartment of writer and poet Miguel Algarín, along with other playwrights, poets, and musicians of color whose work was not accepted by the mainstream academic, entertainment or publishing industries. As time passed, the signature style of performance poetry became a central fixture of urban Latino and African-American culture, leading to the purchase of a former tenement building at 236 East 3rd Street, where the Cafe continues to reside. A historical and cultural landmark for nearly 50 years, the Cafe has launched numerous careers and supports a wide range of artistic endeavors such as plays, workshops, training sessions, and more.
=534  \\$pMedia source original: $a1 videocassette Mini DV 1/4 in. Standard Play (SP)
=540  \\$aThere are copyright restrictions on this collection. For more information, go to the online version of this video.
=542  1\$dLois Elaine Griffith$eLois Elaine Griffith, loisegriffith@gmail.com
=546  \\$aIn English.
=650  \0$aArtistic collaboration.|$aPoetry slams.|$aPolitical poetry.|$aInfluence (Literary, artistic, etc.)|$aSpoken word poetry.
=653  \\$aCollective creation
=655  \7$aSpoken word poetry.$2lcgft|$aPerformance$2local
=710  2\$aHemispheric Institute Digital Video Library.
=856  40$uhttp://hdl.handle.net/2333.1/9ghx3r3b$3Hemispheric Institute Digital Video Library

